% -----------------------------------------------------------------------
% File: references.bib
% -----------------------------------------------------------------------

% Modified : Eli M. Silk (esilk at pitt.edu)            05/24/2005
% Modified : David Noelle (dnoelle at ucmerced.edu)     11/19/2014

@article{ha2017neural,
  title={A neural representation of sketch drawings},
  author={Ha, David and Eck, Douglas},
  journal={arXiv preprint arXiv:1704.03477},
  year={2017}
}

@inproceedings{kievit2011semantic,
  title={The semantic Pictionary project},
  author={Kievit-Kylar, Brent and Jones, Michael},
  booktitle={Proceedings of the Annual Meeting of the Cognitive Science Society},
  volume={33},
  number={33},
  year={2011}
}

@article{biederman1988surface,
  title={Surface versus edge-based determinants of visual recognition},
  author={Biederman, Irving and Ju, Ginny},
  journal={{Cognitive Psychology}},
  volume={20},
  number={1},
  pages={38--64},
  year={1988},
  publisher={Academic Press}
}

@article{biederman1987recognition,
  title={Recognition-by-components: a theory of human image understanding.},
  author={Biederman, Irving},
  journal={{Psychological Review}},
  volume={94},
  number={2},
  pages={115},
  year={1987},
  publisher={American Psychological Association}
}

@article{eitz2012humans,
  title={How do humans sketch objects?},
  author={Eitz, Mathias and Hays, James and Alexa, Marc},
  journal={ACM Trans. Graph.},
  volume={31},
  number={4},
  pages={44--1},
  year={2012}
}

@article{navon1977forest,
  title={Forest before trees: The precedence of global features in visual perception},
  author={Navon, David},
  journal={Cognitive psychology},
  volume={9},
  number={3},
  pages={353--383},
  year={1977},
  publisher={Elsevier}
}

@article{yu2017sketch,
  title={Sketch-a-net: A deep neural network that beats humans},
  author={Yu, Qian and Yang, Yongxin and Liu, Feng and Song, Yi-Zhe and Xiang, Tao and Hospedales, Timothy M},
  journal={{International Journal of Computer Vision}},
  volume={122},
  number={3},
  pages={411--425},
  year={2017},
  publisher={Springer}
}

@article{sangkloy2016sketchy,
  title={The sketchy database: learning to retrieve badly drawn bunnies},
  author={Sangkloy, Patsorn and Burnell, Nathan and Ham, Cusuh and Hays, James},
  journal={ACM Transactions on Graphics (TOG)},
  volume={35},
  number={4},
  pages={119},
  year={2016},
  publisher={ACM}
}

@article{long2018drawings,
  title={Drawings as a window into the development of object category representations},
  author={Long, Bria and Fan, Judith and Frank, Michael},
  journal={Journal of Vision},
  volume={18},
  number={10},
  pages={398--398},
  year={2018},
  publisher={The Association for Research in Vision and Ophthalmology}
}

@article{fan2018modeling,
  title={Modeling contextual flexibility in visual communication},
  author={Fan, Judith and Hawkins, Robert and Wu, Mike and Goodman, Noah},
  journal={Journal of Vision},
  volume={18},
  number={10},
  pages={1045},
  year={2018},
  publisher={The Association for Research in Vision and Ophthalmology}
}

@article{FanCommon2018,
  author = {Fan, Judith and Yamins, Daniel and Turk-Browne, Nicholas},
  title = {Common Object Representations for Visual Production and Recognition},
  journal = {Cognitive Science},
  year={2018}
}

@Book{Goldstone2003,
  editor =	 {R. Kimchi and M. Behrmann and C. Olsony},
  author= {Goldstone, Robert L },
  title = { Perceptual organization in vision: Behavioral and neural perspectives.},
  publisher =	 {Lawrence Erlbaum Associates},
  year =	 2003,
  address =	 {New Jersey}
}


@article{battaglia2018relational,
  title={Relational inductive biases, deep learning, and graph networks},
  author={Battaglia, Peter W and Hamrick, Jessica B and Bapst, Victor and Sanchez-Gonzalez, Alvaro and Zambaldi, Vinicius and Malinowski, Mateusz and Tacchetti, Andrea and Raposo, David and Santoro, Adam and Faulkner, Ryan and others},
  journal={arXiv preprint arXiv:1806.01261},
  year={2018}
}

@article{lake2017building,
  title={Building machines that learn and think like people},
  author={Lake, Brenden M and Ullman, Tomer D and Tenenbaum, Joshua B and Gershman, Samuel J},
  journal={Behavioral and Brain Sciences},
  volume={40},
  year={2017},
  publisher={Cambridge University Press}
}

@inproceedings{battaglia2016interaction,
  title={Interaction networks for learning about objects, relations and physics},
  author={Battaglia, Peter and Pascanu, Razvan and Lai, Matthew and Rezende, Danilo Jimenez and others},
  booktitle={{Advances in Neural Information Processing Systems}},
  pages={4502--4510},
  year={2016}
}

@article{lake2015human,
  title={Human-level concept learning through probabilistic program induction},
  author={Lake, Brenden M and Salakhutdinov, Ruslan and Tenenbaum, Joshua B},
  journal={Science},
  volume={350},
  number={6266},
  pages={1332--1338},
  year={2015},
  publisher={American Association for the Advancement of Science}
}

@article{li2019photo,
  title={Photo-Sketching: Inferring Contour Drawings from Images},
  author={Li, Mengtian and Lin, Zhe and Mech, Radomir and Yumer, Ersin and Ramanan, Deva},
  journal={arXiv preprint arXiv:1901.00542},
  year={2019}
}

@article{yamins2014performance,
  title={Performance-optimized hierarchical models predict neural responses in higher visual cortex},
  author={Yamins, Daniel LK and Hong, Ha and Cadieu, Charles F and Solomon, Ethan A and Seibert, Darren and DiCarlo, James J},
  journal={Proceedings of the National Academy of Sciences},
  volume={111},
  number={23},
  pages={8619--8624},
  year={2014},
  publisher={National Acad Sciences}
}

@InProceedings{ChalnickBillman1988a,
  author =	 {A. Chalnick and D. Billman},
  title =	 {Unsupervised learning of correlational structure},
  booktitle =	 {Proceedings of the Tenth Annual Conference of the
                  Cognitive Science Society},
  pages =	 {510--516},
  year =	 1988,
  address =	 {Hillsdale, NJ},
  publisher =	 {Lawrence Erlbaum Associates}
}

@InCollection{Feigenbaum1963a,
  author =	 {E. A. Feigenbaum},
  title =	 {The simulation of verbal learning behavior},
  booktitle =	 {Computers and thought},
  publisher =	 {McGraw-Hill},
  year =	 1963,
  editor =	 {E. A. Feigenbaum and J. Feldman},
  address =	 {New York}
}

@Article{Hill1983a,
  author =	 {J. A. C. Hill},
  title =	 {A computational model of language acquisition in the
                  two-year old},
  journal =	 {Cognition and Brain Theory},
  year =	 1983,
  volume =	 6,
  pages =	 {287--317}
}

@Article{deLeeuw2015,
  author =	 {de Leeuw, Josh R },
  title =	 {jsPsych: A JavaScript library for creating behavioral experiments in a web browser},
  journal =	 {Behavior Research Methods},
  year =	 2015,
  volume =	 47,
  pages =	 { 1--12}
}



@TechReport{OhlssonLangley1985a,
  author =	 {S. Ohlsson and P. Langley},
  title =	 {Identifying solution paths in cognitive diagnosis},
  institution =	 {Carnegie Mellon University, The Robotics Institute},
  year =	 1985,
  address =	 {Pittsburgh, PA},
  number =	 {CMU-RI-TR-85-2}
}

@PhdThesis{Matlock2001,
  author =	 {Teenie Matlock},
  title =	 {How real is fictive motion?},
  school =	 {Psychology Department, University of California,
                  Santa Cruz},
  year =	 2001,
  type =	 {Doctoral dissertation}
}

@PhdThesis{Lewis1978a,
  author =	 {C. Lewis},
  title =	 {Production system models of practice effects},
  school =	 {Department of Psychology, University of Michigan,
                  Ann Arbor},
  year =	 1978,
  type =	 {Doctoral dissertation}
}

@Book{NewellSimon1972a,
  author =	 {A. Newell and H. A. Simon},
  title =	 {Human problem solving},
  publisher =	 {Prentice-Hall},
  year =	 1972,
  address =	 {Englewood Cliffs, NJ}
}

@Book{ShragerLangley1990a,
  editor =	 {J. Shrager and P. Langley},
  title =	 {Computational models of scientific discovery and
                  theory formation},
  publisher =	 {Morgan Kaufmann},
  year =	 1990,
  address =	 {San Mateo, CA}
}



% -----------------------------------------------------------------------
% Document End
% -----------------------------------------------------------------------
